@inproceedings{amelio2015,
  title = {Is normalized mutual information a fair measure for comparing community detection methods?},
  journal = {Proceedings of the 2015 IEEE/ACM International Conference on Advances in Social Networks Analysis and Mining 2015},
  series = {ASONAM ’15},
  ISBN = {9781450338547},
  url = {http://dx.doi.org/10.1145/2808797},
  DOI = {10.1145/2808797},
  author = {Amelio},
  publisher = {ACM},
  year = {2015},
  month = aug,
  collection = {ASONAM ’15}
}

@article{CorreaAguila2022,
  title = {Multi-omics data integration approaches for precision oncology},
  volume = {18},
  ISSN = {2515-4184},
  url = {http://dx.doi.org/10.1039/d1mo00411e},
  DOI = {10.1039/d1mo00411e},
  number = {6},
  journal = {Molecular Omics},
  publisher = {Royal Society of Chemistry (RSC)},
  author = {Correa-Aguila,  Raidel and Alonso-Pupo,  Niuxia and Hernández-Rodríguez,  Erix W.},
  year = {2022},
  pages = {469–479}
}

@article{Ginsburg2001,
  title = {Personalized medicine: revolutionizing drug discovery and patient care},
  volume = {19},
  ISSN = {0167-7799},
  url = {http://dx.doi.org/10.1016/s0167-7799(01)01814-5},
  DOI = {10.1016/s0167-7799(01)01814-5},
  number = {12},
  journal = {Trends in Biotechnology},
  publisher = {Elsevier BV},
  author = {Ginsburg,  G},
  year = {2001},
  month = dec,
  pages = {491–496}
}

@article{Jiang2022,
  title = {Integrated Analysis of Multi-Omics Data to Identify Prognostic Genes for Pancreatic Cancer},
  volume = {41},
  ISSN = {1557-7430},
  url = {http://dx.doi.org/10.1089/dna.2021.0878},
  DOI = {10.1089/dna.2021.0878},
  number = {3},
  journal = {DNA and Cell Biology},
  publisher = {Mary Ann Liebert Inc},
  author = {Jiang,  Feng and Huang,  Xiaolu and Zhang,  Fan and Pan,  Jingjing and Wang,  Junjun and Hu,  Lijuan and Chen,  Jie and Wang,  Yumin},
  year = {2022},
  month = mar,
  pages = {305–318}
}

@article{MacQueen1967,
  title = {Some methods for classification and analysis of multivariate observations.},
  author = {MacQueen, J.},
  year = {1967},
}

@article{Rousseeuw1987,
  title = {Silhouettes: A graphical aid to the interpretation and validation of cluster analysis},
  volume = {20},
  ISSN = {0377-0427},
  url = {http://dx.doi.org/10.1016/0377-0427(87)90125-7},
  DOI = {10.1016/0377-0427(87)90125-7},
  journal = {Journal of Computational and Applied Mathematics},
  publisher = {Elsevier BV},
  author = {Rousseeuw,  Peter J.},
  year = {1987},
  month = nov,
  pages = {53–65}
}

@article{Shen2009,
  title = {Integrative clustering of multiple genomic data types using a joint latent variable model with application to breast and lung cancer subtype analysis},
  volume = {25},
  ISSN = {1367-4803},
  url = {http://dx.doi.org/10.1093/bioinformatics/btp543},
  DOI = {10.1093/bioinformatics/btp543},
  number = {22},
  journal = {Bioinformatics},
  publisher = {Oxford University Press (OUP)},
  author = {Shen,  Ronglai and Olshen,  Adam B. and Ladanyi,  Marc},
  year = {2009},
  month = sep,
  pages = {2906–2912}
}

@article{vonLuxburg2007,
  title = {A tutorial on spectral clustering},
  volume = {17},
  ISSN = {1573-1375},
  url = {http://dx.doi.org/10.1007/s11222-007-9033-z},
  DOI = {10.1007/s11222-007-9033-z},
  number = {4},
  journal = {Statistics and Computing},
  publisher = {Springer Science and Business Media LLC},
  author = {von Luxburg,  Ulrike},
  year = {2007},
  month = aug,
  pages = {395–416}
}

@article{Wang2014,
  title = {Similarity network fusion for aggregating data types on a genomic scale},
  volume = {11},
  ISSN = {1548-7105},
  url = {http://dx.doi.org/10.1038/nmeth.2810},
  DOI = {10.1038/nmeth.2810},
  number = {3},
  journal = {Nature Methods},
  publisher = {Springer Science and Business Media LLC},
  author = {Wang,  Bo and Mezlini,  Aziz M and Demir,  Feyyaz and Fiume,  Marc and Tu,  Zhuowen and Brudno,  Michael and Haibe-Kains,  Benjamin and Goldenberg,  Anna},
  year = {2014},
  month = jan,
  pages = {333–337}
}

@article{Wrheide2021,
  title = {Multi-omics integration in biomedical research – A metabolomics-centric review},
  volume = {1141},
  ISSN = {0003-2670},
  url = {http://dx.doi.org/10.1016/j.aca.2020.10.038},
  DOI = {10.1016/j.aca.2020.10.038},
  journal = {Analytica Chimica Acta},
  publisher = {Elsevier BV},
  author = {W\"{o}rheide,  Maria A. and Krumsiek,  Jan and Kastenm\"{u}ller,  Gabi and Arnold,  Matthias},
  year = {2021},
  month = jan,
  pages = {144–162}
}

@book{Kaufman1990,
  title = {Finding Groups in Data: An Introduction to Cluster Analysis},
  ISBN = {9780470316801},
  ISSN = {1940-6347},
  url = {http://dx.doi.org/10.1002/9780470316801},
  DOI = {10.1002/9780470316801},
  journal = {Wiley Series in Probability and Statistics},
  publisher = {Wiley},
  author = {Kaufman,  Leonard and Rousseeuw,  Peter J.},
  year = {1990},
  month = mar 
}

@article{Yule1907,
  title = {On the theory of correlation for any number of variables, treated by a new system of notation},
  journal = {Proceedings of the Royal Society of London},
  author = {G. Udny Yule},
  year = {1907},
  DOI = {10.1098/rspa.1907.0028}
}

@article{Ester1996,
  title = {A Density-Based Algorithm for Discovering Clusters in Large Spatial Databases with Noise},
  journal = {Proceedings of the 2nd International Conference on Knowledge Discovery and Data Mining, Portland, OR, AAAI Press},
  author = {Martin Ester, Hans-Peter Kriegel, Jiirg Sander and Xiaowei Xu},
  year = {1996}
}

@article{Hubert1985,
  title = {Comparing partitions},
  volume = {2},
  ISSN = {1432-1343},
  url = {http://dx.doi.org/10.1007/bf01908075},
  DOI = {10.1007/bf01908075},
  number = {1},
  journal = {Journal of Classification},
  publisher = {Springer Science and Business Media LLC},
  author = {Hubert,  Lawrence and Arabie,  Phipps},
  year = {1985},
  month = dec,
  pages = {193–218}
}